<record><leader>00000cas a22000007a 4500</leader><controlfield tag="001">17465435</controlfield><controlfield tag="008">880212d19351937pauwr ne      0    0eng d</controlfield><datafield ind1=" " ind2=" " tag="010"><subfield code="a">sn 88079081 </subfield></datafield><datafield ind1=" " ind2=" " tag="040"><subfield code="a">NPH</subfield><subfield code="b">eng</subfield><subfield code="c">NPH</subfield><subfield code="d">OCLCQ</subfield></datafield><datafield ind1=" " ind2=" " tag="042"><subfield code="a">msc</subfield></datafield><datafield ind1="0" ind2="0" tag="245"><subfield code="a">Slate belt times.</subfield></datafield><datafield ind1=" " ind2=" " tag="260"><subfield code="a">Bangor, Pa. :</subfield><subfield code="b">Peerless Pub. Co.,</subfield><subfield code="c">-1937.</subfield></datafield><datafield ind1=" " ind2=" " tag="300"><subfield code="a">v. :</subfield><subfield code="b">ill. ;</subfield><subfield code="c">42 cm.</subfield></datafield><datafield ind1=" " ind2=" " tag="310"><subfield code="a">Weekly</subfield></datafield><datafield ind1="1" ind2=" " tag="362"><subfield code="a">Began in 1935?</subfield></datafield><datafield ind1="0" ind2=" " tag="362"><subfield code="a">-v. 2, no. 15 (Mar. 5, 1937).</subfield></datafield><datafield ind1=" " ind2=" " tag="500"><subfield code="a">Also published in Pen Argyl, Pa.</subfield></datafield><datafield ind1=" " ind2=" " tag="500"><subfield code="a">Publisher: Alexander Fetsko.</subfield></datafield><datafield ind1=" " ind2=" " tag="588"><subfield code="a">Description based on: Vol. 2, no. 6 (Jan. 1, 1937).</subfield></datafield><datafield ind1=" " ind2=" " tag="752"><subfield code="a">United States</subfield><subfield code="b">Pennsylvania</subfield><subfield code="c">Northampton</subfield><subfield code="d">Bangor.</subfield></datafield><datafield ind1=" " ind2=" " tag="752"><subfield code="a">United States</subfield><subfield code="b">Pennsylvania</subfield><subfield code="c">Northampton</subfield><subfield code="d">Pen Argyl.</subfield></datafield><datafield ind1="0" ind2="4" tag="785"><subfield code="t">Easton herald (Easton, Pa.)</subfield><subfield code="w">(DLC)sn 88079089</subfield></datafield></record>